<?xml version="1.0" encoding="UTF-8"?><collection xmlns="http://www.loc.gov/MARC21/slim"><record><leader>00411nam--2200145-i-4500</leader><controlfield tag="001">000005447</controlfield><controlfield tag="002">20161230</controlfield><controlfield tag="005">20161230201026</controlfield><controlfield tag="008">060222s1000------------r-----000-0-eng-d</controlfield><datafield ind1=" " ind2=" " tag="080"><subfield code="a">539.1.074</subfield></datafield><datafield ind1=" " ind2=" " tag="100"><subfield code="a">Arecchi, F.T., De Matteis, A., Gatti, E</subfield></datafield><datafield ind1=" " ind2=" " tag="245"><subfield code="a">Statistical limits in timing with slow scintillators</subfield></datafield><datafield ind1=" " ind2=" " tag="260"><subfield code="a">Milano, Instituto Di Fisica Del Politecnico, 1960 4 P</subfield></datafield><datafield ind1=" " ind2=" " tag="490"><subfield code="a">102</subfield></datafield><datafield ind1=" " ind2=" " tag="852"><subfield code="a">7654</subfield></datafield></record></collection>